<?xml version="1.0" encoding="UTF-8"?><collection><record><leader>05669ntm a2200577 a 4500</leader><controlfield tag="001">006822099</controlfield><controlfield tag="003">MiAaHDL</controlfield><controlfield tag="005">20190719000000.0</controlfield><controlfield tag="006">m        d        </controlfield><controlfield tag="007">cr bn ---auaua</controlfield><controlfield tag="008">090623s1846    xx            00| ||ota d</controlfield><datafield tag="035" ind1=" " ind2=" "><subfield code="a">(MiU)006822099</subfield></datafield><datafield tag="035" ind1=" " ind2=" "><subfield code="a">sdr-miu006822099</subfield></datafield><datafield tag="040" ind1=" " ind2=" "><subfield code="a">MiU</subfield><subfield code="c">MiU</subfield><subfield code="e">amremm</subfield></datafield><datafield tag="041" ind1="0" ind2=" "><subfield code="a">ota</subfield></datafield><datafield tag="043" ind1=" " ind2=" "><subfield code="a">n-us-mi</subfield></datafield><datafield tag="100" ind1="0" ind2=" "><subfield code="6">880-01</subfield><subfield code="a">Karaçelebizade Abdülaziz,</subfield><subfield code="d">1591-1658.</subfield></datafield><datafield tag="245" ind1="1" ind2="0"><subfield code="6">880-03</subfield><subfield code="a">Mir'âtü's-safâ,</subfield><subfield code="f">[1262, i.e. 1846].</subfield></datafield><datafield tag="246" ind1="3" ind2=" "><subfield code="a">مرآة الصفاء</subfield></datafield><datafield tag="246" ind1="3" ind2=" "><subfield code="a">Mirât üs-safâ</subfield></datafield><datafield tag="246" ind1="3" ind2=" "><subfield code="a">Mir'âtü's-safâ</subfield></datafield><datafield tag="260" ind1=" " ind2=" "><subfield code="c">[1846].</subfield></datafield><datafield tag="300" ind1=" " ind2=" "><subfield code="a">73 leaves :</subfield><subfield code="b">paper ;</subfield><subfield code="c">245 x 140 (155 x 70) mm.</subfield></datafield><datafield tag="500" ind1=" " ind2=" "><subfield code="a">Shelfmark: Ann Arbor, University of Michigan, Special Collections Library, Isl. Ms. 385</subfield></datafield><datafield tag="500" ind1=" " ind2=" "><subfield code="a">Origin: As appears in colophon on p.144, copied by Mustafa Asım, grandson of Rasihzade (Rasihzade Hafîdi Mustafa Asım), with transcription completed in the first part of Ṣafar 1262 [January 1846].</subfield></datafield><datafield tag="500" ind1=" " ind2=" "><subfield code="a">Former shelfmark: "348 T. De M. [i.e. Tammaro De Marinis]" inscribed in pencil on 'title page' (p.2).</subfield></datafield><datafield tag="500" ind1=" " ind2=" "><subfield code="a">Binding: Pasteboards covered in light brown leather ; Type II binding (with flap) ; doublures in dark red leather with gold-painted central mandorla and pendants ; upper and lower covers carry stamped and gold-painted mandorla (filled with vegetal composition compare Déroche class. NSd 7), pendants and cornerpieces along with tooled border in gold ; sewn now in light brown thread, two stations ; worked chevron endbands in yellow and pink, good condition ; overall in fair condition with some abrasion, moisture damage, lifting and losses of leather, delamination of boards, etc. ; repairs to fore edge flap in recycled finished leather (gold-painted and tooled), repair to spine in black leather, fill for onlay of cornerpiece in upper cover from recycled finished leather (stamped), rehinged ; cover likely much earlier than transcript / text block and here recycled.</subfield></datafield><datafield tag="500" ind1=" " ind2=" "><subfield code="a">Support: non-European laid paper with roughly 7 laid lines per cm. (horizontal, somewhat distinct, curved) and no chain lines visible, cloudy formation, inclusions visible, crisp and sturdy, highly sized and burnished to glossy, buff colored.</subfield></datafield><datafield tag="500" ind1=" " ind2=" "><subfield code="a">Decoration: Keywords, section headings and notabilia rubricated.</subfield></datafield><datafield tag="500" ind1=" " ind2=" "><subfield code="a">Script: Nastaʻlīq (talik) ; compact, elegant hand ; serifless, with effect of words descending to baseline, closed counters, elongated horizontal strokes, pointing in conjoined dots ; partially vocalized.</subfield></datafield><datafield tag="500" ind1=" " ind2=" "><subfield code="a">Layout: Written in 25 lines per page, occasionally divided to two columns to set off verses ; frame-ruled.</subfield></datafield><datafield tag="500" ind1=" " ind2=" "><subfield code="a">Collation: V+1 (11), 6 V(71), I (73) ; almost exclusively quinions ; catchwords present ; pagination in pencil, Western numerals, supplied during digitization (includes flyleaves).</subfield></datafield><datafield tag="500" ind1=" " ind2=" "><subfield code="a">Colophon: "Scribal," triangular, reads "الحمد لله رب العالمين والصلوة والسلام على سيدنا محمد سيد الاولين والآخرين وعلى اله واصحابه وعترته الطاهرين وعلى سائر الانبياء والمرسلين وقد وقع الفراغ عن التحرير والتزبير بعون الله الملك القدير راسخ زاده حفيدى مصطفى عاصم غفر الله ذنوبهم وستر عيوبهم فى اوائل صفر الخير المنسلك بسلك سنه اثنى وستين ومائتين بعد الالف"</subfield></datafield><datafield tag="500" ind1=" " ind2=" "><subfield code="a">Explicit: "بو مختصر رسالۀ مرآت الصفا بهم نشيدۀ شيرازۀ جمع وتنميق اولمق ... زبان عبد فقير كوهركش رشتۀ اولديغى الفوايح النبويه فى السير المصطفويه نام كتاب صحت نصاب عمدۀ اهتمامنه تحميل اولندى والله يهدى الى سواء السبيل وهو حسبى ونعم الوكيل"</subfield></datafield><datafield tag="500" ind1=" " ind2=" "><subfield code="a">Incipit: "پیشكاه باركاه كبريا بيناهيه [بى نهايه] از سرا جلال وتعظيم حمد وسپاس بى قياس تقديم اولنوب ... حقير قره چلبي زاده عبد العزيز فقير اولدركه بو ايام فاضلۀ ... مناقب سعادت عواقب رسل كرام ... فرائد الفوائد مرآت الصفا نام نام درج الدررده اولنوب ..."</subfield></datafield><datafield tag="500" ind1=" " ind2=" "><subfield code="a">Title from opening on p.3 and close on p.143.</subfield></datafield><datafield tag="500" ind1=" " ind2=" "><subfield code="a">Ms. codex.</subfield></datafield><datafield tag="510" ind1="4" ind2=" "><subfield code="a">Ḥājjī Khalīfah. Kashf al-ẓunūn (ed. Fluegel),</subfield><subfield code="c">ii 1294</subfield></datafield><datafield tag="520" ind1="8" ind2=" "><subfield code="a">Elegant copy of the work on the sīrah of the Prophet by Karaçelebizade Abdülaziz Efendi (d.1658).</subfield></datafield><datafield tag="538" ind1=" " ind2=" "><subfield code="a">Mode of access: Internet.</subfield></datafield><datafield tag="541" ind1=" " ind2=" "><subfield code="c">Purchase ;</subfield><subfield code="a">Acquired by purchase (funds donated by Horace Rackham).</subfield><subfield code="d">1924.</subfield></datafield><datafield tag="546" ind1=" " ind2=" "><subfield code="a">Ottoman Turkish.</subfield></datafield><datafield tag="561" ind1=" " ind2=" "><subfield code="a">Possible former inventory mark and traces of oval seal impressions on 'title page' (p.1) ; glosses and marginal corrections ; notabilia (sideheads), usually rubricated.</subfield></datafield><datafield tag="600" ind1="0" ind2="0"><subfield code="a">Muḥammad,</subfield><subfield code="c">Prophet,</subfield><subfield code="d">-632</subfield><subfield code="v">Early works to 1800.</subfield></datafield><datafield tag="650" ind1=" " ind2="0"><subfield code="a">Manuscripts, Turkish</subfield><subfield code="z">Michigan</subfield><subfield code="z">Ann Arbor.</subfield></datafield><datafield tag="700" ind1="0" ind2=" "><subfield code="a">Abdülhamid</subfield><subfield code="b">II,</subfield><subfield code="c">Sultan of the Turks,</subfield><subfield code="d">1842-1918,</subfield><subfield code="e">former owner.</subfield></datafield><datafield tag="700" ind1="0" ind2=" "><subfield code="6">880-05</subfield><subfield code="a">Rasihzade Hafidi Mustafa Asım,</subfield><subfield code="d">fl. 1846,</subfield><subfield code="e">scribe.</subfield></datafield><datafield tag="773" ind1="0" ind2=" "><subfield code="a">Abdul Hamid Collection.</subfield></datafield><datafield tag="880" ind1="0" ind2=" "><subfield code="6">700-05/</subfield><subfield code="a">راسخ زاده حفيدى مصطفى عاصم,</subfield><subfield code="e">ناسخ.</subfield></datafield><datafield tag="880" ind1="1" ind2="0"><subfield code="6">245-03/</subfield><subfield code="a">مرآت الصفا,</subfield><subfield code="f">[1262ه، 1846م].</subfield></datafield><datafield tag="880" ind1="0" ind2=" "><subfield code="6">100-01/</subfield><subfield code="a">قره چلبي زاده عبد العزيز.</subfield></datafield><datafield tag="CID" ind1=" " ind2=" "><subfield code="a">006822099</subfield></datafield><datafield tag="DAT" ind1="0" ind2=" "><subfield code="a">20190719102640.0</subfield><subfield code="b">20190719000000.0</subfield></datafield><datafield tag="DAT" ind1="1" ind2=" "><subfield code="a">20190719090653.0</subfield><subfield code="b">2019-07-19T16:12:04Z</subfield></datafield><datafield tag="DAT" ind1="2" ind2=" "><subfield code="a">2015-10-10T18:00:06Z</subfield></datafield><datafield tag="CAT" ind1=" " ind2=" "><subfield code="a">SDR-MIU</subfield><subfield code="d">EX LIBRIS - ALEPH</subfield><subfield code="l">prepare.pl-004-008</subfield></datafield><datafield tag="FMT" ind1=" " ind2=" "><subfield code="a">BK</subfield></datafield><datafield tag="HOL" ind1=" " ind2=" "><subfield code="0">sdr-miu006822099</subfield><subfield code="a">MiU</subfield><subfield code="b">SDR</subfield><subfield code="c">MIU</subfield><subfield code="p">mdp.39015079130525</subfield><subfield code="s">MIU</subfield><subfield code="1">006822099</subfield></datafield><datafield tag="974" ind1=" " ind2=" "><subfield code="b">MIU</subfield><subfield code="c">MIU</subfield><subfield code="d">20190719</subfield><subfield code="s">lit-dlps-dc</subfield><subfield code="u">mdp.39015079130525</subfield><subfield code="y">1846</subfield><subfield code="r">pd</subfield><subfield code="q">bib</subfield><subfield code="t">non-US bib date1 &lt; 1896</subfield></datafield></record></collection>